<?xml version="1.0" encoding="utf-8"?>
<record xmlns="http://www.loc.gov/MARC21/slim" xmlns:xsi="http://www.w3.org/2001/XMLSchema-instance" xsi:schemaLocation="http://www.loc.gov/MARC21/slim http://www.loc.gov/standards/marcxml/schema/MARC21slim.xsd">
	<leader>     nam a22        4500</leader>
	<controlfield tag="001">b12563535</controlfield>
	<controlfield tag="003">LeBAU</controlfield>
	<controlfield tag="006">m        d        </controlfield>
	<controlfield tag="007">cr cn |||m|||a</controlfield>
	<controlfield tag="008">171023s1908    ua      ob    ||0 f ara d</controlfield>
	<datafield ind1=" " ind2=" " tag="040">
		<subfield code="a">NNU</subfield>
		<subfield code="b">ara</subfield>
		<subfield code="e">rda</subfield>
		<subfield code="c">NNU</subfield>
	</datafield>
	<datafield ind1=" " ind2="4" tag="050">
		<subfield code="a">PJ7876.A9</subfield>
		<subfield code="b">.A89 1908</subfield>
	</datafield>
	<datafield ind1="0" ind2="4" tag="082">
		<subfield code="a">892.78</subfield>
		<subfield code="2">22</subfield>
	</datafield>
	<datafield ind1="1" ind2=" " tag="100">
		<subfield code="6">880-01</subfield>
		<subfield code="a">Zaydān, Jirjī,</subfield>
		<subfield code="d">1861-1914,</subfield>
		<subfield code="e">author.</subfield>
	</datafield>
	<datafield ind1="1" ind2="0" tag="245">
		<subfield code="6">880-02</subfield>
		<subfield code="a">‘Arūs Farghānah :</subfield>
		<subfield code="b">riwāyah tārīkhīyah /</subfield>
		<subfield code="c">ta’līf Jirjī Zaydān, munshi’ al-Hilāl.</subfield>
	</datafield>
	<datafield ind1=" " ind2="1" tag="264">
		<subfield code="6">880-03</subfield>
		<subfield code="a">al-Fajālah, Miṣr :</subfield>
		<subfield code="b">Maṭba‘at al-Hilāl,</subfield>
		<subfield code="c">1908.</subfield>
	</datafield>
	<datafield ind1=" " ind2=" " tag="300">
		<subfield code="6">880-04</subfield>
		<subfield code="a">online resource (204 pages)</subfield>
	</datafield>
	<datafield ind1=" " ind2=" " tag="336">
		<subfield code="a">text</subfield>
		<subfield code="2">rdacontent</subfield>
	</datafield>
	<datafield ind1=" " ind2=" " tag="337">
		<subfield code="a">computer</subfield>
		<subfield code="2">rdamedia</subfield>
	</datafield>
	<datafield ind1=" " ind2=" " tag="338">
		<subfield code="a">online resource</subfield>
		<subfield code="2">rdacarrier</subfield>
	</datafield>
	<datafield ind1="1" ind2=" " tag="490">
		<subfield code="6">880-05</subfield>
		<subfield code="a">Riwāyāt tārīkh al-Islām ;</subfield>
		<subfield code="v">al-thānīyah ‘asharah</subfield>
	</datafield>
	<datafield ind1=" " ind2=" " tag="500">
		<subfield code="a">Part of the Arabic Collections Online (ACO) project, contributed by American University of Beirut's Jafet Memorial Library.</subfield>
	</datafield>
	<datafield ind1=" " ind2=" " tag="533">
		<subfield code="a">Electronic reproduction.</subfield>
		<subfield code="b">New York, N.Y. :</subfield>
		<subfield code="c">New York University,</subfield>
		<subfield code="d">2017.</subfield>
		<subfield code="5">NNU</subfield>
	</datafield>
	<datafield ind1=" " ind2="0" tag="650">
		<subfield code="6">880-06</subfield>
		<subfield code="a">Abbasids</subfield>
		<subfield code="v">Fiction.</subfield>
	</datafield>
	<datafield ind1=" " ind2="0" tag="651">
		<subfield code="6">880-07</subfield>
		<subfield code="a">Islamic Empire</subfield>
		<subfield code="x">History</subfield>
		<subfield code="y">750-1258</subfield>
		<subfield code="v">Fiction.</subfield>
	</datafield>
	<datafield ind1=" " ind2="0" tag="655">
		<subfield code="6">880-08</subfield>
		<subfield code="a">Novel.</subfield>
	</datafield>
	<datafield ind1="2" ind2=" " tag="710">
		<subfield code="a">Jafet Memorial Library.</subfield>
	</datafield>
	<datafield ind1="0" ind2=" " tag="730">
		<subfield code="a">Arabic Collections Online.</subfield>
	</datafield>
	<datafield ind1="0" ind2="8" tag="776">
		<subfield code="i">Print version:</subfield>
		<subfield code="a">Zaydān, Jirjī, 1861-1914, author.</subfield>
		<subfield code="t">‘Arūs Farghānah</subfield>
		<subfield code="w">(LeBAU)b12563535</subfield>
	</datafield>
	<datafield ind1=" " ind2="0" tag="830">
		<subfield code="6">880-09</subfield>
		<subfield code="a">Riwāyāt tārīkh al-Islām ;</subfield>
		<subfield code="v">12.</subfield>
	</datafield>
	<datafield ind1="4" ind2="0" tag="856">
		<subfield code="u">http://hdl.handle.net/2333.1/44j0zvmd</subfield>
	</datafield>
	<datafield ind1="1" ind2=" " tag="880">
		<subfield code="6">100-01/r</subfield>
		<subfield code="a">زيدان، جرجي،‪‪‪‪‪‪‪</subfield>
		<subfield code="d">1861-1914،</subfield>
		<subfield code="e">مؤلف.‪‪‪‪‪‪‪</subfield>
		<subfield code="4">aut.</subfield>
	</datafield>
	<datafield ind1="1" ind2="0" tag="880">
		<subfield code="6">245-02/r</subfield>
		<subfield code="a">عروس فرغانة :‪‪‪‪‪‪‪</subfield>
		<subfield code="b">رواية تاريخية غرامية /‪‪‪‪‪‪‪</subfield>
		<subfield code="c">تأليف جرجي زيدان، منشىء الهلال.‪‪‪‪‪‪‪</subfield>
	</datafield>
	<datafield ind1=" " ind2="1" tag="880">
		<subfield code="6">264-03/r</subfield>
		<subfield code="a">الفجالة، مصر :‪‪‪‪‪‪‪</subfield>
		<subfield code="b">مطبعة الهلال،‪‪‪‪‪‪‪</subfield>
		<subfield code="c">1908.</subfield>
	</datafield>
	<datafield ind1=" " ind2=" " tag="880">
		<subfield code="6">300-04/r</subfield>
		<subfield code="a">204 صفحات ؛‪‪‪‪‪‪‪</subfield>
		<subfield code="c">24 سم.‪‪‪‪‪‪‪</subfield>
	</datafield>
	<datafield ind1="1" ind2=" " tag="880">
		<subfield code="6">490-05/r</subfield>
		<subfield code="a">روايات تاريخ الاسلام ؛‪‪‪‪‪‪‪</subfield>
		<subfield code="v">الحلقة الثانية عشرة‪‪‪‪‪‪‪</subfield>
	</datafield>
	<datafield ind1=" " ind2=" " tag="880">
		<subfield code="6">504-00/r</subfield>
		<subfield code="a">يتضمن مراجع ببليوغرافية.‪‪‪‪‪‪‪</subfield>
	</datafield>
	<datafield ind1="2" ind2=" " tag="880">
		<subfield code="6">520-00/r</subfield>
		<subfield code="a">&quot;هي الحلقة الثانية عشرة من روايات تاريخ الإسلام تتضمن وصف الدولة العباسية في عهد المعتصم بالله (سنة 218-227 هـ) وقيام الفرس لإرجاع دولتهم بالسيف ونهوض الروم لإكتساح المملكة الإسلامية ويتخلل ذلك وصف آداب الأتراك وعاداتهم في أقصى بلادهم ووصف سامرّا عاصمة المعتصم وواقعة البذ في حرب بابك وواقعة عمورية في حرب الروم وغير ذلك.&quot;‪‪‪‪‪‪‪</subfield>
	</datafield>
	<datafield ind1=" " ind2="4" tag="880">
		<subfield code="6">650-06/r</subfield>
		<subfield code="a">العباسيون‪‪‪‪‪‪‪</subfield>
		<subfield code="v">قصة.‪‪‪‪‪‪‪</subfield>
	</datafield>
	<datafield ind1=" " ind2="4" tag="880">
		<subfield code="6">651-07/r</subfield>
		<subfield code="a">الامبراطورية الاسلامية‪‪‪‪‪‪‪</subfield>
		<subfield code="x">تاريخ‪‪‪‪‪‪‪</subfield>
		<subfield code="y">750-1258</subfield>
		<subfield code="v">قصة.‪‪‪‪‪‪‪</subfield>
	</datafield>
	<datafield ind1=" " ind2="4" tag="880">
		<subfield code="6">655-08/r</subfield>
		<subfield code="a">رواية.‪‪‪‪‪‪‪</subfield>
	</datafield>
	<datafield ind1=" " ind2="0" tag="880">
		<subfield code="6">830-09/r</subfield>
		<subfield code="a">روايات تاريخ الاسلام ؛‪‪‪‪‪‪‪</subfield>
		<subfield code="v">12.</subfield>
	</datafield>
	<datafield ind1=" " ind2=" " tag="959">
		<subfield code="a">NNU</subfield>
		<subfield code="b">WEB</subfield>
		<subfield code="c">GENI</subfield>
		<subfield code="t">0</subfield>
		<subfield code="m">Electronic access</subfield>
		<subfield code="s">01</subfield>
	</datafield>
	<datafield ind1=" " ind2=" " tag="999">
		<subfield code="i">LeBAU_b12563535</subfield>
		<subfield code="s">aub_aco001185</subfield>
		<subfield code="e">(ERROR-MISC)</subfield>
		<subfield code="s">aub_aco001185</subfield>
	</datafield>
</record>
